@article{hochreiter1997long,
  author    = {Sepp Hochreiter and Jürgen Schmidhuber},
  title     = {Long Short-Term Memory},
  journal   = {Neural Computation},
  volume    = {9},
  number    = {8},
  pages     = {1735--1780},
  year      = {1997},
  doi       = {10.1162/neco.1997.9.8.1735}
}

@inproceedings{graves2013speech,
  author    = {Alex Graves and Abdel-rahman Mohamed and Geoffrey Hinton},
  title     = {Speech Recognition with Deep Recurrent Neural Networks},
  booktitle = {2013 IEEE International Conference on Acoustics, Speech and Signal Processing},
  pages     = {6645--6649},
  year      = {2013},
  organization = {IEEE}
}

@article{greff2017lstm,
  author    = {Klaus Greff and Rupesh Kumar Srivastava and Jan Koutník and Bas R. Steunebrink and Jürgen Schmidhuber},
  title     = {LSTM: A Search Space Odyssey},
  journal   = {IEEE Transactions on Neural Networks and Learning Systems},
  volume    = {28},
  number    = {10},
  pages     = {2222--2232},
  year      = {2017},
  doi       = {10.1109/TNNLS.2016.2582924}
}

@misc{battle2020,
  author       = {M. Piller and S. Puente and A. Candelieri and others},
  title        = {BattLeDIM 2020 – Battle of the Leakage Detection and Isolation Methods},
  howpublished = {\url{https://battledim.ucy.ac.cy}},
  year         = {2020},
  note         = {Accessed: 2025-06-23}
}

@book{clerc2006particle,
  author    = {Maurice Clerc},
  title     = {Particle Swarm Optimization},
  publisher = {ISTE},
  year      = {2006}
}

@article{candelieri2016,
  author    = {Antonio Candelieri and Mario Pizzuti and Francesco Archetti},
  title     = {A Bayesian Network Approach for Leak Detection in Water Distribution Networks},
  journal   = {Expert Systems with Applications},
  volume    = {61},
  pages     = {165--176},
  year      = {2016},
  doi       = {10.1016/j.eswa.2016.05.048}
}

@article{soldevila2016leak,
  author    = {Arnau Soldevila and Gabriel Cembrano and Ramon Pérez and Josep Quevedo},
  title     = {Leak Detection and Localization Method Based on a Data-Driven Modeling Approach},
  journal   = {Water Science and Technology: Water Supply},
  volume    = {16},
  number    = {6},
  pages     = {1606--1613},
  year      = {2016},
  doi       = {10.2166/ws.2016.081}
}

@article{bao2019,
  author    = {Yiqing Bao and Yifeng Tang and Yonghong Li},
  title     = {Deep Learning Based Anomaly Detection in Multivariate Time Series for Water Distribution System Monitoring},
  journal   = {Neurocomputing},
  volume    = {383},
  pages     = {225--236},
  year      = {2019},
  doi       = {10.1016/j.neucom.2019.01.104}
}

@article{elman1990finding,
  author    = {Jeffrey L. Elman},
  title     = {Finding Structure in Time},
  journal   = {Cognitive Science},
  volume    = {14},
  number    = {2},
  pages     = {179--211},
  year      = {1990},
  publisher = {Wiley},
  doi       = {10.1207/s15516709cog1402_1}
}

@inproceedings{bengio1994learning,
  author    = {Yoshua Bengio and Patrice Simard and Paolo Frasconi},
  title     = {Learning Long-Term Dependencies with Gradient Descent is Difficult},
  booktitle = {Advances in Neural Information Processing Systems (NeurIPS)},
  volume    = {7},
  pages     = {157--165},
  year      = {1994},
  publisher = {MIT Press}
}

@article{bergstra2012random,
  author    = {James Bergstra and Yoshua Bengio},
  title     = {Random Search for Hyper-Parameter Optimization},
  journal   = {Journal of Machine Learning Research},
  volume    = {13},
  number    = {Feb},
  pages     = {281--305},
  year      = {2012}
}

@inproceedings{kennedy1995particle,
  author    = {James Kennedy and Russell Eberhart},
  title     = {Particle Swarm Optimization},
  booktitle = {Proceedings of ICNN'95 - International Conference on Neural Networks},
  volume    = {4},
  pages     = {1942--1948},
  year      = {1995},
  publisher = {IEEE}
}

@inproceedings{eberhart2001pso,
  author    = {Russell C. Eberhart and Yuhui Shi},
  title     = {Particle Swarm Optimization: Developments, Applications and Resources},
  booktitle = {Proceedings of the 2001 Congress on Evolutionary Computation},
  volume    = {1},
  pages     = {81--86},
  year      = {2001},
  publisher = {IEEE}
}

@article{cantupaz1998survey,
  author    = {Erick Cantu-Paz},
  title     = {A Survey of Parallel Genetic Algorithms},
  journal   = {Calculateurs Parallèles, Réseaux et Systèmes Répartis},
  volume    = {10},
  number    = {2},
  pages     = {141--171},
  year      = {1998}
}

@book{tomassini2005spatially,
  author    = {Marco Tomassini},
  title     = {Spatially Structured Evolutionary Algorithms: Artificial Evolution in Space and Time},
  publisher = {Springer Science \& Business Media},
  year      = {2005}
}

@article{omran2005dynamic,
  author    = {M. G. H. Omran and A. Salman and A. P. Engelbrecht},
  title     = {Dynamic Clustering Using Particle Swarm Optimization with Application in Image Segmentation},
  journal   = {Pattern Analysis and Applications},
  volume    = {8},
  number    = {4},
  pages     = {332--344},
  year      = {2005}
}

@article{alba2002parallelism,
  author    = {Enrique Alba and José M. Troya},
  title     = {Parallelism and Evolutionary Algorithms},
  journal   = {IEEE Transactions on Evolutionary Computation},
  volume    = {6},
  number    = {5},
  pages     = {443--462},
  year      = {2002}
}

@book{alba2005parallel,
  author    = {Enrique Alba},
  title     = {Parallel Metaheuristics: A New Class of Algorithms},
  publisher = {John Wiley \& Sons},
  year      = {2005}
}

@book{engelbrecht2007computational,
  author    = {Andries P. Engelbrecht},
  title     = {Computational Intelligence: An Introduction},
  publisher = {Wiley},
  edition   = {2},
  year      = {2007}
}

@inproceedings{li2019openbox,
  author    = {Lisha Li and Kevin Jamieson and Afshin Rostamizadeh and Ekaterina Gonina and Moritz Hardt and Benjamin Recht and Ameet Talwalkar},
  title     = {A System for Massively Parallel Hyperparameter Tuning},
  booktitle = {Proceedings of the 25th ACM SIGKDD International Conference on Knowledge Discovery \& Data Mining},
  pages     = {2623--2631},
  year      = {2019},
  publisher = {ACM}
}

@article{professoressa,
  author    = {Calogero Orlando and Angela Ricciardello},
  title     = {Analytic solution of the continuous particle swarm
optimization problem},
  journal   = {Springer-Verlag GmbH Germany, part of Springer Nature 2020},
  year      = {2020},
  doi       = {10.1007/s11590-020-01671-3}
}

@article{piller2020, 
author = {O. Piller and J. Gilbert and M. Brdys}, 
title = {Leakage Detection and Localization Methods for Water Distribution Networks: A Review}, 
journal = {Water}, 
year = {2020}, 
volume = {12}, 
number = {4}, 
pages = {1123}, 
doi = {10.3390/w12041123} }